@ARTICLE{15,
       author = {\textbf{Lange}, {\textbf{J.~U.}} and {van den Bosch}, F.~C. and
         {Zentner}, A.~R. and {Wang}, K. and {Hearin}, A.~P. and
         {Guo}, H.},
        title = "{Cosmological Evidence Modelling: a new simulation-based approach to constrain cosmology on non-linear scales}",
      journal = {\mnras},
     keywords = {cosmology: large-scale structure of Universe, cosmology: cosmological parameters, methods: statistical, Astrophysics - Cosmology and Nongalactic Astrophysics, Astrophysics - Astrophysics of Galaxies},
         year = "2019",
        month = "Sep",
        pages = {2289},
          doi = {10.1093/mnras/stz2664},
archivePrefix = {arXiv},
       eprint = {1909.03107},
 primaryClass = {astro-ph.CO},
       adsurl = {https://ui.adsabs.harvard.edu/abs/2019MNRAS.tmp.2289L},
      adsnote = {Provided by the SAO/NASA Astrophysics Data System}
}


@ARTICLE{14,
       author = {{van den Bosch}, F.~C. and \textbf{Lange}, {\textbf{J.~U.}} and
         {Zentner}, A.~R.},
        title = "{Basilisk: Bayesian hierarchical inference of the galaxy-halo connection using satellite kinematics - I. Method and validation}",
      journal = {\mnras},
     keywords = {methods: analytical, methods: statistical, galaxies: haloes, galaxies: kinematics and dynamics, dark matter, Astrophysics - Cosmology and Nongalactic Astrophysics},
         year = "2019",
        month = "Oct",
       volume = {488},
       number = {4},
        pages = {4984-5013},
          doi = {10.1093/mnras/stz2017},
archivePrefix = {arXiv},
       eprint = {1908.07547},
 primaryClass = {astro-ph.CO},
       adsurl = {https://ui.adsabs.harvard.edu/abs/2019MNRAS.488.4984V},
      adsnote = {Provided by the SAO/NASA Astrophysics Data System}
}

@ARTICLE{13,
       author = {\textbf{Lange}, {\textbf{J.~U.}} and {Yang}, X. and {Guo}, H. and
         {Luo}, W. and {van den Bosch}, F.~C.},
        title = "{New perspectives on the BOSS small-scale lensing discrepancy for the Planck {\ensuremath{\Lambda}}CDM cosmology}",
      journal = {\mnras},
     keywords = {gravitational lensing: weak, cosmological parameters, dark matter, large-scale structure of Universe, Astrophysics - Cosmology and Nongalactic Astrophysics, Astrophysics - Astrophysics of Galaxies},
         year = "2019",
        month = "Oct",
       volume = {488},
       number = {4},
        pages = {5771-5787},
          doi = {10.1093/mnras/stz2124},
archivePrefix = {arXiv},
       eprint = {1906.08680},
 primaryClass = {astro-ph.CO},
       adsurl = {https://ui.adsabs.harvard.edu/abs/2019MNRAS.488.5771L},
      adsnote = {Provided by the SAO/NASA Astrophysics Data System}
}

@ARTICLE{12,
	adsnote = {Provided by the SAO/NASA Astrophysics Data System},
	adsurl = {https://ui.adsabs.harvard.edu/abs/2019MNRAS.487.3112L},
	archiveprefix = {arXiv},
	author = {\textbf{Lange}, {\textbf{J.~U.}} and {van den Bosch}, F.~C. and {Zentner}, A.~R. and {Wang}, K. and {Villarreal}, A.~S.},
	doi = {10.1093/mnras/stz1466},
	eprint = {1811.03596},
	journal = {\mnras},
	keywords = {methods: statistical, galaxies: groups: general, galaxies: kinematics and dynamics, dark matter, Astrophysics - Cosmology and Nongalactic Astrophysics, Astrophysics - Astrophysics of Galaxies},
	month = {Aug},
	number = {3},
	pages = {3112--3129},
	primaryclass = {astro-ph.CO},
	title = {{Updated results on the galaxy-halo connection from satellite kinematics in SDSS}},
	volume = {487},
	year = {2019}
}

@ARTICLE{11,
       author = {{Wang}, K. and {Mao}, Y.-Y. and {Zentner}, A.~R. and
         {van den Bosch}, F.~C. and \textbf{Lange}, {\textbf{J.~U.}} and
         {Schafer}, C.~M. and {Villarreal}, A.~S. and
         {Hearin}, A.~P. and {Campbell}, D.},
        title = "{How to Optimally Constrain Galaxy Assembly Bias: Supplement Projected Correlation Functions with Count-in-cells Statistics}",
      journal = {\mnras},
     keywords = {cosmology: large-scale structure of Universe, galaxies: evolution, galaxies: formation, galaxies: haloes, galaxies: statistics, Astrophysics - Cosmology and Nongalactic Astrophysics},
         year = "2019",
        month = "Jun",
        pages = {1686},
          doi = {10.1093/mnras/stz1733},
archivePrefix = {arXiv},
       eprint = {1903.09656},
 primaryClass = {astro-ph.CO},
       adsurl = {https://ui.adsabs.harvard.edu/abs/2019MNRAS.tmp.1686W},
      adsnote = {Provided by the SAO/NASA Astrophysics Data System}
}

@ARTICLE{10,
       author = {{Zentner}, A.~R. and {Hearin}, A. and {van den Bosch}, F.~C. and
         \textbf{Lange}, {\textbf{J.~U.}} and {Villarreal}, A.},
        title = "{Constraints on assembly bias from galaxy clustering}",
      journal = {\mnras},
     keywords = {galaxies: evolution, galaxies: formation, galaxies: haloes, galaxies: statistics, large-scale structure of Universe, Astrophysics - Astrophysics of Galaxies},
         year = "2019",
        month = "May",
       volume = {485},
       number = {1},
        pages = {1196-1209},
          doi = {10.1093/mnras/stz470},
archivePrefix = {arXiv},
       eprint = {1606.07817},
 primaryClass = {astro-ph.GA},
       adsurl = {https://ui.adsabs.harvard.edu/abs/2019MNRAS.485.1196Z},
      adsnote = {Provided by the SAO/NASA Astrophysics Data System}
}

@ARTICLE{9,
	adsnote = {Provided by the SAO/NASA Astrophysics Data System},
	adsurl = {https://ui.adsabs.harvard.edu/\#abs/2019MNRAS.482.4824L},
	archiveprefix = {arXiv},
	author = {\textbf{Lange}, {\textbf{J.~U.}} and {van den Bosch}, F.~C. and {Zentner}, A.~R. and {Wang}, K. and {Villarreal}, A.~S.},
	doi = {10.1093/mnras/sty2950},
	eprint = {1810.10511},
	journal = {\mnras},
	keywords = {methods: statistical, galaxies: groups: general, galaxies: kinematics and dynamics, cosmology, dark matter, Astrophysics - Cosmology and Nongalactic Astrophysics, Astrophysics - Astrophysics of Galaxies},
	month = feb,
	pages = {4824--4845},
	primaryclass = {astro-ph.CO},
	title = {{Maturing satellite kinematics into a competitive probe of the galaxy-halo connection}},
	volume = {482},
	year = 2019
}

@ARTICLE{8,
	author = {{Campbell}, D. and {van den Bosch}, F.~C. and {Padmanabhan}, N. and 
		{Mao}, Y.-Y. and {Zentner}, A.~R. and \textbf{Lange}, {\textbf{J.~U.}} and {Jiang}, F. and {Villarreal}, A.},
	title = "{The galaxy clustering crisis in abundance matching}",
	journal = {\mnras},
	archivePrefix = "arXiv",
	eprint = {1705.06347},
	keywords = {galaxies: evolution, galaxies: haloes},
	year = 2018,
	month = jun,
	volume = 477,
	pages = {359-383},
	doi = {10.1093/mnras/sty495},
	adsurl = {http://adsabs.harvard.edu/abs/2018MNRAS.477..359C},
	adsnote = {Provided by the SAO/NASA Astrophysics Data System}
}

@ARTICLE{7,
	author = {\textbf{Lange}, {\textbf{J.~U.}} and {van den Bosch}, F.~C. and {Hearin}, A. and 
		{Campbell}, D. and {Zentner}, A.~R. and {Villarreal}, A. and 
		{Mao}, Y.-Y.},
	title = "{Brightest galaxies as halo centre tracers in SDSS DR7}",
	journal = {\mnras},
	archivePrefix = "arXiv",
	eprint = {1705.05043},
	keywords = {methods: statistical, galaxies: groups: general, galaxies: kinematics and dynamics, cosmology: dark matter},
	year = 2018,
	month = jan,
	volume = 473,
	pages = {2830-2851},
	doi = {10.1093/mnras/stx2434},
	adsurl = {http://adsabs.harvard.edu/abs/2018MNRAS.473.2830L},
	adsnote = {Provided by the SAO/NASA Astrophysics Data System}
}

@ARTICLE{6,
	author = {{Villarreal}, A.~S. and {Zentner}, A.~R. and {Mao}, Y.-Y. and 
		{Purcell}, C.~W. and {van den Bosch}, F.~C. and {Diemer}, B. and 
		\textbf{Lange}, {\textbf{J.~U.}} and {Wang}, K. and {Campbell}, D.},
	title = "{The immitigable nature of assembly  bias: the impact of halo definition on assembly bias}",
	journal = {\mnras},
	archivePrefix = "arXiv",
	eprint = {1705.04327},
	keywords = {methods: numerical, galaxies: formation, galaxies: haloes, dark matter, large-scale structure of Universe},
	year = 2017,
	month = nov,
	volume = 472,
	pages = {1088-1105},
	doi = {10.1093/mnras/stx2045},
	adsurl = {http://adsabs.harvard.edu/abs/2017MNRAS.472.1088V},
	adsnote = {Provided by the SAO/NASA Astrophysics Data System}
}

@ARTICLE{5,
	author = {{E.~J. {Nelson} et al, including {\textbf{J.~U.}} \textbf{Lange}}},
	title = "{Where Stars Form: Inside-out Growth and Coherent Star Formation from HST H{$\alpha$} Maps of 3200 Galaxies across the Main Sequence at 0.7 $\lt$ z $\lt$ 1.5}",
	journal = {\apj},
	archivePrefix = "arXiv",
	eprint = {1507.03999},
	keywords = {galaxies: evolution, galaxies: formation, galaxies: high-redshift, galaxies: star formation, galaxies: structure},
	year = 2016,
	month = sep,
	volume = 828,
	eid = {27},
	pages = {27},
	doi = {10.3847/0004-637X/828/1/27},
	adsurl = {http://adsabs.harvard.edu/abs/2016ApJ...828...27N},
	adsnote = {Provided by the SAO/NASA Astrophysics Data System}
}

@ARTICLE{4,
	author = {{I.~G. Momcheva et al, including {\textbf{J.~U.}} \textbf{Lange}}},
	title = "{The 3D-HST Survey: Hubble Space Telescope WFC3/G141 Grism Spectra, Redshifts, and Emission Line Measurements for $\sim$ 100,000 Galaxies}",
	journal = {\apjs},
	archivePrefix = "arXiv",
	eprint = {1510.02106},
	keywords = {catalogs, galaxies: evolution, methods: data analysis, techniques: spectroscopic},
	year = 2016,
	month = aug,
	volume = 225,
	eid = {27},
	pages = {27},
	doi = {10.3847/0067-0049/225/2/27},
	adsurl = {http://adsabs.harvard.edu/abs/2016ApJS..225...27M},
	adsnote = {Provided by the SAO/NASA Astrophysics Data System}
}

@ARTICLE{3,
	author = {\textbf{Lange}, {\textbf{J.~U.}} and {van Dokkum}, P.~G. and {Momcheva}, I.~G. and 
		{Nelson}, E.~J. and {Leja}, J. and {Brammer}, G. and {Whitaker}, K.~E. and 
		{Franx}, M.},
	title = "{Evidence for Non-stellar Rest-frame Near-IR Emission Associated with Increased Star Formation in Galaxies at z \~{} 1}",
	journal = {\apjl},
	archivePrefix = "arXiv",
	eprint = {1602.05967},
	keywords = {galaxies: active, galaxies: high-redshift, galaxies: star formation},
	year = 2016,
	month = mar,
	volume = 819,
	eid = {L4},
	pages = {L4},
	doi = {10.3847/2041-8205/819/1/L4},
	adsurl = {http://adsabs.harvard.edu/abs/2016ApJ...819L...4L},
	adsnote = {Provided by the SAO/NASA Astrophysics Data System}
}

@ARTICLE{2,
	author = {\textbf{Lange}, {\textbf{J.~U.}} and {Chu}, M.-C.},
	title = "{Can galactic dark matter substructure contribute to the cosmic gamma-ray anisotropy?}",
	journal = {\mnras},
	archivePrefix = "arXiv",
	eprint = {1412.5749},
	keywords = {Galaxy: structure, dark matter, gamma-rays: diffuse background},
	year = 2015,
	month = feb,
	volume = 447,
	pages = {939-947},
	doi = {10.1093/mnras/stu2459},
	adsurl = {http://adsabs.harvard.edu/abs/2015MNRAS.447..939L},
	adsnote = {Provided by the SAO/NASA Astrophysics Data System}
}

@ARTICLE{1,
	author = {\textbf{Lange}, {\textbf{J.}} and {Pohl}, M.},
	title = "{The average GeV-band emission from gamma-ray bursts}",
	journal = {\aap},
	archivePrefix = "arXiv",
	eprint = {1301.2914},
	primaryClass = "astro-ph.HE",
	keywords = {methods: statistical, surveys, gamma-ray burst: general},
	year = 2013,
	month = mar,
	volume = 551,
	eid = {A89},
	pages = {A89},
	doi = {10.1051/0004-6361/201220652},
	adsurl = {http://adsabs.harvard.edu/abs/2013A%26A...551A..89L},
		adsnote = {Provided by the SAO/NASA Astrophysics Data System}
}
